@book{LivroUltrassom,
    author    = "Peter R. Hoskins, Kevin Martin, Abigail Thrush",
    title     = "Diagnostic Ultrasound Physics and Equipment",
    publisher = "Cambridge Medicine",
    year      = "2010",
}

@book{neuro,
    author    = "Simon Haykin",
    title     = "Neural Networks, A Comprehensive Foundation",
    publisher = "McMaster University",
    year      = "1999",
}

@article{ballistoAndSeisReview,
  title={Ballistocardiography and seismocardiography: A review of recent advances},
  author={Inan, Omer T and Migeotte, Pierre-Francois and Park, Kwang-Suk and Etemadi, Mozziyar and Tavakolian, Kouhyar and Casanella, Ramon and Zanetti, John and Tank, Jens and Funtova, Irina and Prisk, G Kim and others},
  journal={IEEE journal of biomedical and health informatics},
  volume={19},
  number={4},
  pages={1414--1427},
  year={2015},
  publisher={IEEE}
}


@inproceedings{06347128,
  title={24h seismocardiogram monitoring in ambulant subjects},
  author={Di Rienzo, Marco and Meriggi, P and Vaini, E and Castiglioni, P and Rizzo, F},
  booktitle={2012 Annual International Conference of the IEEE Engineering in Medicine and Biology Society},
  pages={5050--5053},
  year={2012},
  organization={IEEE}
}

@inproceedings{06567772,
  title={Cardiac cycle and heart rate calculation based on seismocardiogram},
  author={Imtiaz, Mohammad Shamim and Shrestha, Rajeena and Dhillon, Talwinder and Yousuf, Kazi Ata and Saeed, Bilal and Dinh, Anh and Wahid, Khan},
  booktitle={Electrical and Computer Engineering (CCECE), 2013 26th Annual IEEE Canadian Conference on},
  pages={1--5},
  year={2013},
  organization={IEEE}
}

@article{3dPrecordialAccSignal,
  title={Beat-by-Beat Quantification of Cardiac Cycle Events Detected From Three-Dimensional Precordial Acceleration Signals},
  author={Paukkunen, Mikko and Parkkila, Petteri and Hurnanen, Tero and P{\"a}nk{\"a}{\"a}l{\"a}, Mikko and Koivisto, Tero and Nieminen, Tuomo and Kettunen, Raimo and Sepponen, Raimo},
  journal={IEEE journal of biomedical and health informatics},
  volume={20},
  number={2},
  pages={435--439},
  year={2016},
  publisher={IEEE}
}

@inproceedings{heartbeatSegInSeismocardiograms,
  title={An Approach of Heartbeat Segmentation in Seismocardiogram by Matched-Filtering},
  author={Li, Yanjun and Tang, Xiaoying and Xu, Zhi},
  booktitle={Intelligent Human-Machine Systems and Cybernetics (IHMSC), 2015 7th International Conference on},
  volume={2},
  pages={47--51},
  year={2015},
  organization={IEEE}
}

@inproceedings{06945019,
  title={Preliminary results on quantification of seismocardiogram morphological changes, using principal component analysis},
  author={Zakeri, Vahid and Tavakolian, Kouhyar and Arzanpour, Siamak and Zanetti, John M and Dumont, Guy A and Akhbardeh, Alireza},
  booktitle={2014 36th Annual International Conference of the IEEE Engineering in Medicine and Biology Society},
  pages={6092--6095},
  year={2014},
  organization={IEEE}
}

@inproceedings{06611240,
  title={A preliminary study investigating the quantification of beat-to-beat in seismocardiogram signals},
  author={Inan, Omer T and Pandia, Keya and Giovangrandi, Laurent and Zamanian, Roham T and Kovacs, Gregory TA},
  booktitle={2013 35th Annual International Conference of the IEEE Engineering in Medicine and Biology Society (EMBC)},
  pages={7286--7289},
  year={2013},
  organization={IEEE}
}

@article{aaaaaaaaaa,
    author    = "",
    title     = "",
    journal   = "",
    year      = "",
    month    = "",
}

@phdthesis{nonlinearPhonocardiogram,
    author      = "Christer Ahlstrom",
    title       = "Nonlinear Phonocardiographic Signal Processing",
    school      = "Institute of Thechnology Linkoping University",
    year        = "2008",
}

@article{freqInverseMethod,
    author    = "Y. Kim, P.A. Nelson",
    title     = "Optimal regularisation for acoustic source reconstruction by inverse methods",
    journal   = "Journal of Sound and Vibration",
    volume   = "275",
    year      = "2004",
}


@article{acousticSL,
    author    = "Tribikram Kundu",
    title     = "Acoustic source localization",
    journal   = "Ultrasonics",
    volume   = "54",
    pages    = "25-38",
    year      = "2014",
}

@article{timeLMS,
    author    = "Yiteng Huang and Jacob Benesty and Gary W. Elko and Russell M. Mersereau",
    title     = "Real-Time Passive Source Localization: A Practical Linear-Correction Least-Squares Approach",
    journal   = "IEEE TRANSACTIONS ON SPEECH AND AUDIO PROCESSING",
    volume   = "9",
    number   = "8",
    year      = "2001",
}

@article{timeReversal,
    author    = "Mathias Fink and Gabriel Montaldo and Mickael Tanter",
    title     = "TIME-REVERSAL ACOUSTICS IN BIOMEDICAL ENGINEERING",
    journal   = "The Journal of the Acoustical Society of America",
    year      = "2008",
}


@manual{STM,
    organization  = "STMicroeletronics",
    title         = "STM32F405xx STM32F407xx - Datasheet",
    number        = "DM00037051",
    year          =  2015,
    month         =  3,    
    note          = "Rev. 3"
}
